<record><leader>00000cas a22000007a 4500</leader><controlfield tag="001">29821208</controlfield><controlfield tag="008">940216d18uu183ugauwr ne      0    0eng d</controlfield><datafield ind1=" " ind2=" " tag="010"><subfield code="a">sn 91074159 </subfield></datafield><datafield ind1=" " ind2=" " tag="040"><subfield code="a">NLG</subfield><subfield code="b">eng</subfield><subfield code="c">NLG</subfield><subfield code="d">OCL</subfield><subfield code="d">GUA</subfield><subfield code="d">OCLCQ</subfield><subfield code="d">OCLCF</subfield><subfield code="d">OCLCO</subfield></datafield><datafield ind1="1" ind2=" " tag="029"><subfield code="a">AU@</subfield><subfield code="b">000010883355</subfield></datafield><datafield ind1=" " ind2=" " tag="042"><subfield code="a">msc</subfield></datafield><datafield ind1=" " ind2=" " tag="043"><subfield code="a">n-us-ga</subfield></datafield><datafield ind1="0" ind2=" " tag="130"><subfield code="a">Columbus sentinel (Columbus, Ga.)</subfield></datafield><datafield ind1="1" ind2="0" tag="245"><subfield code="a">Columbus sentinel.</subfield></datafield><datafield ind1=" " ind2=" " tag="260"><subfield code="a">Columbus, Ga. :</subfield><subfield code="b">Wm. Cline and B.V. Iverson</subfield></datafield><datafield ind1=" " ind2=" " tag="300"><subfield code="a">v.</subfield></datafield><datafield ind1=" " ind2=" " tag="310"><subfield code="a">Weekly</subfield></datafield><datafield ind1=" " ind2=" " tag="530"><subfield code="a">Also on microfilm: Athens, Ga. : University of Georgia Libraries.</subfield></datafield><datafield ind1=" " ind2=" " tag="580"><subfield code="a">Merged with: Republican herald (Columbus, Ga.), to form: Columbus sentinel and herald.</subfield></datafield><datafield ind1=" " ind2=" " tag="588"><subfield code="a">Description based on: Vol. 7, no. 25 (June 22, 1837).</subfield></datafield><datafield ind1=" " ind2="0" tag="651"><subfield code="a">Columbus (Ga.)</subfield><subfield code="v">Newspapers.</subfield></datafield><datafield ind1=" " ind2="0" tag="651"><subfield code="a">Muscogee County (Ga.)</subfield><subfield code="v">Newspapers.</subfield></datafield><datafield ind1=" " ind2="7" tag="655"><subfield code="a">Newspapers.</subfield><subfield code="2">fast</subfield><subfield code="0">(OCoLC)fst01423814</subfield></datafield><datafield ind1=" " ind2="7" tag="651"><subfield code="a">Georgia</subfield><subfield code="z">Columbus.</subfield><subfield code="2">fast</subfield><subfield code="0">(OCoLC)fst01214575</subfield></datafield><datafield ind1=" " ind2="7" tag="651"><subfield code="a">Georgia</subfield><subfield code="z">Muscogee County.</subfield><subfield code="2">fast</subfield><subfield code="0">(OCoLC)fst01216552</subfield></datafield><datafield ind1=" " ind2=" " tag="752"><subfield code="a">United States</subfield><subfield code="b">Georgia</subfield><subfield code="c">Muscogee</subfield><subfield code="d">Columbus.</subfield></datafield><datafield ind1="1" ind2="7" tag="785"><subfield code="t">Republican herald (Columbus, Ga.)</subfield><subfield code="w">(DLC)sn 87073052</subfield><subfield code="w">(OCoLC)16583238</subfield></datafield><datafield ind1="1" ind2="7" tag="785"><subfield code="t">Columbus sentinel and herald</subfield><subfield code="w">(DLC)sn 89053812</subfield><subfield code="w">(OCoLC)22483918</subfield></datafield></record>